@ARTICLE{burrows:21,
       author = {{Burrows}, A. and {Vartanyan}, D.},
        title = "{Core-collapse supernova explosion theory}",
      journal = {\nat},
     keywords = {Astrophysics - Solar and Stellar Astrophysics, Astrophysics - High Energy Astrophysical Phenomena},
         year = 2021,
        month = jan,
       volume = {589},
       number = {7840},
        pages = {29-39},
          doi = {10.1038/s41586-020-03059-w},
archivePrefix = {arXiv},
       eprint = {2009.14157},
 primaryClass = {astro-ph.SR},
       adsurl = {https://ui.adsabs.harvard.edu/abs/2021Natur.589...29B},
      adsnote = {Provided by the SAO/NASA Astrophysics Data System}
}

@ARTICLE{janka:12,
       author = {{Janka}, Hans-Thomas},
        title = "{Explosion Mechanisms of Core-Collapse Supernovae}",
      journal = {Annual Review of Nuclear and Particle Science},
     keywords = {Astrophysics - Solar and Stellar Astrophysics, General Relativity and Quantum Cosmology, High Energy Physics - Phenomenology, Nuclear Theory},
         year = 2012,
        month = nov,
       volume = {62},
       number = {1},
        pages = {407-451},
          doi = {10.1146/annurev-nucl-102711-094901},
archivePrefix = {arXiv},
       eprint = {1206.2503},
 primaryClass = {astro-ph.SR},
       adsurl = {https://ui.adsabs.harvard.edu/abs/2012ARNPS..62..407J},
      adsnote = {Provided by the SAO/NASA Astrophysics Data System}
}

@ARTICLE{doherty:15,
       author = {{Doherty}, Carolyn L. and {Gil-Pons}, Pilar and {Siess}, Lionel and {Lattanzio}, John C. and {Lau}, Herbert H.~B.},
        title = "{Super- and massive AGB stars - IV. Final fates - initial-to-final mass relation}",
      journal = {\mnras},
     keywords = {stars: AGB and post-AGB, stars: evolution, supernovae: general, white dwarfs, Astrophysics - Solar and Stellar Astrophysics},
         year = 2015,
        month = jan,
       volume = {446},
       number = {3},
        pages = {2599-2612},
          doi = {10.1093/mnras/stu2180},
archivePrefix = {arXiv},
       eprint = {1410.5431},
 primaryClass = {astro-ph.SR},
       adsurl = {https://ui.adsabs.harvard.edu/abs/2015MNRAS.446.2599D},
      adsnote = {Provided by the SAO/NASA Astrophysics Data System}
}


@ARTICLE{poelarends:17,
       author = {{Poelarends}, Arend J.~T. and {Wurtz}, Scott and {Tarka}, James and {Cole Adams}, L. and {Hills}, Spencer T.},
        title = "{Electron Capture Supernovae from Close Binary Systems}",
      journal = {\apj},
     keywords = {binaries: close, methods: numerical, stars: evolution, supernovae: general, Astrophysics - High Energy Astrophysical Phenomena, Astrophysics - Solar and Stellar Astrophysics},
         year = 2017,
        month = dec,
       volume = {850},
       number = {2},
          eid = {197},
        pages = {197},
          doi = {10.3847/1538-4357/aa988a},
archivePrefix = {arXiv},
       eprint = {1710.11143},
 primaryClass = {astro-ph.HE},
       adsurl = {https://ui.adsabs.harvard.edu/abs/2017ApJ...850..197P},
      adsnote = {Provided by the SAO/NASA Astrophysics Data System}
}

@ARTICLE{nakamura:24,
       author = {{Nakamura}, Ko and {Takiwaki}, Tomoya and {Matsumoto}, Jin and {Kotake}, Kei},
        title = "{Three-dimensional Magneto-hydrodynamic Simulations of Core-collapse Supernovae: I. Hydrodynamic evolution and protoneutron star properties}",
      journal = {arXiv e-prints},
     keywords = {Astrophysics - High Energy Astrophysical Phenomena},
         year = 2024,
        month = may,
          eid = {arXiv:2405.08367},
        pages = {arXiv:2405.08367},
          doi = {10.48550/arXiv.2405.08367},
archivePrefix = {arXiv},
       eprint = {2405.08367},
 primaryClass = {astro-ph.HE},
       adsurl = {https://ui.adsabs.harvard.edu/abs/2024arXiv240508367N},
      adsnote = {Provided by the SAO/NASA Astrophysics Data System}
}


@ARTICLE{wang:23,
       author = {{Wang}, Tianshu and {Burrows}, Adam},
        title = "{Neutrino-driven Winds in Three-dimensional Core-collapse Supernova Simulations}",
      journal = {\apj},
     keywords = {Core-collapse supernovae, Supernova dynamics, Nucleosynthesis, 304, 1664, 1131, Astrophysics - Solar and Stellar Astrophysics, Astrophysics - High Energy Astrophysical Phenomena},
         year = 2023,
        month = sep,
       volume = {954},
       number = {2},
          eid = {114},
        pages = {114},
          doi = {10.3847/1538-4357/ace7b2},
archivePrefix = {arXiv},
       eprint = {2306.13712},
 primaryClass = {astro-ph.SR},
       adsurl = {https://ui.adsabs.harvard.edu/abs/2023ApJ...954..114W},
      adsnote = {Provided by the SAO/NASA Astrophysics Data System}
}


@ARTICLE{ott:18,
   author = {{Ott}, C.~D. and {Roberts}, L.~F. and {da Silva Schneider}, A. and
	{Fedrow}, J.~M. and {Haas}, R. and {Schnetter}, E.},
    title = "{The Progenitor Dependence of Core-collapse Supernovae from Three-dimensional Simulations with Progenitor Models of 12{\ndash}40 M $_{âŠ™}$}",
  journal = {\apjl},
 keywords = {neutrinos, stars: black holes, stars: neutron, supernovae: general },
     year = 2018,
    month = mar,
   volume = 855,
      eid = {L3},
    pages = {L3},
      doi = {10.3847/2041-8213/aaa967},
   adsurl = {http://adsabs.harvard.edu/abs/2018ApJ...855L...3O},
  adsnote = {Provided by the SAO/NASA Astrophysics Data System}
}




@ARTICLE{kuroda:18,
   author = {{Kuroda}, T. and {Kotake}, K. and {Takiwaki}, T. and {Thielemann}, F.-K.
	},
    title = "{A full general relativistic neutrino radiation-hydrodynamics simulation of a collapsing very massive star and the formation of a black hole}",
  journal = {\mnras},
archivePrefix = "arXiv",
   eprint = {1801.01293},
 primaryClass = "astro-ph.HE",
 keywords = {supernovae: general, hydrodynamics, neutrinos, gravitational waves},
     year = 2018,
    month = jun,
   volume = 477,
    pages = {L80-L84},
      doi = {10.1093/mnrasl/sly059},
   adsurl = {https://ui.adsabs.harvard.edu/abs/2018MNRAS.477L..80K},
  adsnote = {Provided by the SAO/NASA Astrophysics Data System}
}


@ARTICLE{burrows:23,
       author = {{Burrows}, Adam and {Vartanyan}, David and {Wang}, Tianshu},
        title = "{Black Hole Formation Accompanied by the Supernova Explosion of a 40 M $_{{\ensuremath{\odot}}}$ Progenitor Star}",
      journal = {\apj},
     keywords = {Core-collapse supernovae, 304, Astrophysics - Solar and Stellar Astrophysics, Astrophysics - High Energy Astrophysical Phenomena},
         year = 2023,
        month = nov,
       volume = 957,
       number = 2,
          eid = 68,
        pages = 68,
          doi = {10.3847/1538-4357/acfc1c},
archivePrefix = {arXiv},
       eprint = {2308.05798},
 primaryClass = {astro-ph.SR},
       adsurl = {https://ui.adsabs.harvard.edu/abs/2023ApJ...957...68B},
      adsnote = {Provided by the SAO/NASA Astrophysics Data System}
}


@ARTICLE{farmer:16,
   author = {{Farmer}, R. and {Fields}, C.~E. and {Petermann}, I. and {Dessart}, L. and
	{Cantiello}, M. and {Paxton}, B. and {Timmes}, F.~X.},
    title = "{On Variations Of Pre-supernova Model Properties}",
  journal = {\apjs},
archivePrefix = "arXiv",
   eprint = {1611.01207},
 primaryClass = "astro-ph.SR",
 keywords = {stars: abundances, stars: evolution, stars: interiors, supernovae: general},
     year = 2016,
    month = dec,
   volume = 227,
      eid = 22,
    pages = 22,
      doi = {10.3847/1538-4365/227/2/22},
   adsurl = {http://adsabs.harvard.edu/abs/2016ApJS..227...22F},
  adsnote = {Provided by the SAO/NASA Astrophysics Data System}
}

@ARTICLE{timmes:00,
       author = {{Timmes}, F.~X. and {Hoffman}, R.~D. and {Woosley}, S.~E.},
        title = "{An Inexpensive Nuclear Energy Generation Network for Stellar Hydrodynamics}",
      journal = {\apjs},
     keywords = {Hydrodynamics, Methods: Numerical, Nuclear Reactions, Nucleosynthesis, Abundances, Stars: General},
         year = 2000,
        month = jul,
       volume = {129},
       number = {1},
        pages = {377-398},
          doi = {10.1086/313407},
       adsurl = {https://ui.adsabs.harvard.edu/abs/2000ApJS..129..377T},
      adsnote = {Provided by the SAO/NASA Astrophysics Data System}
}

@ARTICLE{sukhbold:16,
       author = {{Sukhbold}, Tuguldur and {Ertl}, T. and {Woosley}, S.~E. and {Brown}, Justin M. and {Janka}, H. -T.},
        title = "{Core-collapse Supernovae from 9 to 120 Solar Masses Based on Neutrino-powered Explosions}",
      journal = {\apj},
     keywords = {nuclear reactions, nucleosynthesis, abundances, stars: black holes, stars: massive, stars: neutron, supernovae: general, Astrophysics - High Energy Astrophysical Phenomena, Astrophysics - Solar and Stellar Astrophysics},
         year = 2016,
        month = apr,
       volume = {821},
       number = {1},
          eid = {38},
        pages = {38},
          doi = {10.3847/0004-637X/821/1/38},
archivePrefix = {arXiv},
       eprint = {1510.04643},
 primaryClass = {astro-ph.HE},
       adsurl = {https://ui.adsabs.harvard.edu/abs/2016ApJ...821...38S},
      adsnote = {Provided by the SAO/NASA Astrophysics Data System}
}


@ARTICLE{woosley:02,
       author = {{Woosley}, S.~E. and {Heger}, A. and {Weaver}, T.~A.},
        title = "{The evolution and explosion of massive stars}",
      journal = {Reviews of Modern Physics},
     keywords = {26.30.+k, 97.60.Bw, 26.20.+f, 95.30.Cq, 97.10.Cv, 97.60.Jd, 95.30.Sf, Nucleosynthesis in novae supernovae and other explosive environments, Supernovae, Hydrostatic stellar nucleosynthesis, Elementary particle processes, Stellar structure interiors evolution nucleosynthesis ages, Neutron stars, Relativity and gravitation},
         year = 2002,
        month = nov,
       volume = {74},
       number = {4},
        pages = {1015-1071},
          doi = {10.1103/RevModPhys.74.1015},
       adsurl = {https://ui.adsabs.harvard.edu/abs/2002RvMP...74.1015W},
      adsnote = {Provided by the SAO/NASA Astrophysics Data System}
}


@ARTICLE{renzo:17,
       author = {{Renzo}, M. and {Ott}, C.~D. and {Shore}, S.~N. and {de Mink}, S.~E.},
        title = "{Systematic survey of the effects of wind mass loss algorithms on the evolution of single massive stars}",
      journal = {\aap},
     keywords = {stars: evolution, stars: massive, stars: mass-loss, stars: winds, outflows, supernovae: general, Astrophysics - Solar and Stellar Astrophysics},
         year = 2017,
        month = jul,
       volume = {603},
          eid = {A118},
        pages = {A118},
          doi = {10.1051/0004-6361/201730698},
archivePrefix = {arXiv},
       eprint = {1703.09705},
 primaryClass = {astro-ph.SR},
       adsurl = {https://ui.adsabs.harvard.edu/abs/2017A&A...603A.118R},
      adsnote = {Provided by the SAO/NASA Astrophysics Data System}
}

@ARTICLE{aguilera-dena:18,
       author = {{Aguilera-Dena}, David R. and {Langer}, Norbert and {Moriya}, Takashi J. and {Schootemeijer}, Abel},
        title = "{Related Progenitor Models for Long-duration Gamma-Ray Bursts and Type Ic Superluminous Supernovae}",
      journal = {\apj},
     keywords = {circumstellar matter, stars: mass loss, stars: massive, supernovae: general, Astrophysics - Solar and Stellar Astrophysics, Astrophysics - High Energy Astrophysical Phenomena},
         year = 2018,
        month = may,
       volume = {858},
       number = {2},
          eid = {115},
        pages = {115},
          doi = {10.3847/1538-4357/aabfc1},
archivePrefix = {arXiv},
       eprint = {1804.07317},
 primaryClass = {astro-ph.SR},
       adsurl = {https://ui.adsabs.harvard.edu/abs/2018ApJ...858..115A},
      adsnote = {Provided by the SAO/NASA Astrophysics Data System}
}


@ARTICLE{heger:00,
       author = {{Heger}, A. and {Langer}, N. and {Woosley}, S.~E.},
        title = "{Presupernova Evolution of Rotating Massive Stars. I. Numerical Method and Evolution of the Internal Stellar Structure}",
      journal = {\apj},
     keywords = {HYDRODYNAMICS, METHODS: NUMERICAL, STARS EARLY-TYPE, STARS: EVOLUTION, STARS: INTERIORS, STARS ROTATION, Hydrodynamics, Methods: Numerical, stars early-type, Stars: Evolution, Stars: Interiors, stars rotation, Astrophysics},
         year = 2000,
        month = jan,
       volume = {528},
       number = {1},
        pages = {368-396},
          doi = {10.1086/308158},
archivePrefix = {arXiv},
       eprint = {astro-ph/9904132},
 primaryClass = {astro-ph},
       adsurl = {https://ui.adsabs.harvard.edu/abs/2000ApJ...528..368H},
      adsnote = {Provided by the SAO/NASA Astrophysics Data System}
}

@ARTICLE{chandrasekhar:31,
       author = {{Chandrasekhar}, S.},
        title = "{The Maximum Mass of Ideal White Dwarfs}",
      journal = {\apj},
         year = 1931,
        month = jul,
       volume = {74},
        pages = {81},
          doi = {10.1086/143324},
       adsurl = {https://ui.adsabs.harvard.edu/abs/1931ApJ....74...81C},
      adsnote = {Provided by the SAO/NASA Astrophysics Data System}
}

@Article{paxton:11,
  author	= "B. {Paxton} and L. {Bildsten} and A. {Dotter} and F.
		  {Herwig} and P. {Lesaffre} and F. {Timmes}",
  title		= "{Modules for Experiments in Stellar Astrophysics (MESA)}",
  journal	= "\apjs",
  archiveprefix	= "arXiv",
  eprint	= "1009.1622",
  primaryclass	= "astro-ph.SR",
  keywords	= "methods: numerical, stars: evolution, stars: general",
  year		= "2011",
  month		= jan,
  volume	= "192",
  eid		= "3",
  pages		= "3",
  doi		= "10.1088/0067-0049/192/1/3",
  adsurl	= "http://adsabs.harvard.edu/abs/2011ApJS..192....3P",
  adsnote	= "Provided by the SAO/NASA Astrophysics Data System"
}

@Article{paxton:13,
  author	= "B. {Paxton} and M. {Cantiello} and P. {Arras} and L.
		  {Bildsten} and E.~F. {Brown} and A. {Dotter} and C.
		  {Mankovich} and M.~H. {Montgomery} and D. {Stello} and
		  F.~X. {Timmes} and R. {Townsend}",
  title		= "{Modules for Experiments in Stellar Astrophysics (MESA):
		  Planets, Oscillations, Rotation, and Massive Stars}",
  journal	= "\apjs",
  archiveprefix	= "arXiv",
  eprint	= "1301.0319",
  primaryclass	= "astro-ph.SR",
  keywords	= "asteroseismology, methods: numerical, planets and
		  satellites: physical evolution, stars: evolution, stars:
		  massive, stars: rotation",
  year		= "2013",
  month		= sep,
  volume	= "208",
  eid		= "4",
  pages		= "4",
  doi		= "10.1088/0067-0049/208/1/4",
  adsurl	= "http://adsabs.harvard.edu/abs/2013ApJS..208....4P",
  adsnote	= "Provided by the SAO/NASA Astrophysics Data System"
}

@Article{paxton:15,
  author	= "B. {Paxton} and P. {Marchant} and J. {Schwab} and E.~B.
		  {Bauer} and L. {Bildsten} and M. {Cantiello} and L.
		  {Dessart} and R. {Farmer} and H. {Hu} and N. {Langer} and
		  R.~H.~D. {Townsend} and D.~M. {Townsley} and F.~X.
		  {Timmes}",
  title		= "{Modules for Experiments in Stellar Astrophysics (MESA):
		  Binaries, Pulsations, and Explosions}",
  journal	= "\apjs",
  archiveprefix	= "arXiv",
  eprint	= "1506.03146",
  primaryclass	= "astro-ph.SR",
  keywords	= "binaries: general, methods: numerical, nuclear reactions,
		  nucleosynthesis, abundances, shock waves, stars: evolution,
		  stars: oscillations",
  year		= "2015",
  month		= sep,
  volume	= "220",
  eid		= "15",
  pages		= "15",
  doi		= "10.1088/0067-0049/220/1/15",
  adsurl	= "http://adsabs.harvard.edu/abs/2015ApJS..220...15P",
  adsnote	= "Provided by the SAO/NASA Astrophysics Data System"
}

@Article{paxton:18,
  author	= "B. {Paxton} and J. {Schwab} and E.~B. {Bauer} and L.
		  {Bildsten} and S. {Blinnikov} and P. {Duffell} and R.
		  {Farmer} and J.~A. {Goldberg} and P. {Marchant} and E.
		  {Sorokina} and A. {Thoul} and R.~H.~D. {Townsend} and F.~X.
		  {Timmes}",
  title		= "{Modules for Experiments in Stellar Astrophysics (MESA):
		  Convective Boundaries, Element Diffusion, and Massive Star
		  Explosions}",
  journal	= "\apjs",
  archiveprefix	= "arXiv",
  eprint	= "1710.08424",
  primaryclass	= "astro-ph.SR",
  keywords	= "convection, diffusion, hydrodynamics, methods: numerical,
		  stars: evolution, supernovae: general",
  year		= "2018",
  month		= feb,
  volume	= "234",
  eid		= "34",
  pages		= "34",
  doi		= "10.3847/1538-4365/aaa5a8",
  adsurl	= "http://adsabs.harvard.edu/abs/2018ApJS..234...34P",
  adsnote	= "Provided by the SAO/NASA Astrophysics Data System"
}

@Article{	  paxton:19,
       author = {{Paxton}, Bill and {Smolec}, R. and {Schwab}, Josiah and {Gautschy}, A. and {Bildsten}, Lars and {Cantiello}, Matteo and {Dotter}, Aaron and {Farmer}, R. and {Goldberg}, Jared A. and {Jermyn}, Adam S. and {Kanbur}, S.~M. and {Marchant}, Pablo and {Thoul}, Anne and {Townsend}, Richard H.~D. and {Wolf}, William M. and {Zhang}, Michael and {Timmes}, F.~X.},
        title = "{Modules for Experiments in Stellar Astrophysics (MESA): Pulsating Variable Stars, Rotation, Convective Boundaries, and Energy Conservation}",
      journal = {\apjs},
     keywords = {stars: evolution, stars: general, stars: interiors, stars: oscillations:  including pulsations, stars: rotation, stars: variables: general, Astrophysics - Solar and Stellar Astrophysics},
         year = 2019,
        month = jul,
       volume = {243},
       number = {1},
          eid = {10},
        pages = {10},
          doi = {10.3847/1538-4365/ab2241},
archivePrefix = {arXiv},
       eprint = {1903.01426},
 primaryClass = {astro-ph.SR},
       adsurl = {https://ui.adsabs.harvard.edu/abs/2019ApJS..243...10P},
      adsnote = {Provided by the SAO/NASA Astrophysics Data System}
}

@ARTICLE{jermyn:23,
       author = {{Jermyn}, Adam S. and {Bauer}, Evan B. and {Schwab}, Josiah and {Farmer}, R. and {Ball}, Warrick H. and {Bellinger}, Earl P. and {Dotter}, Aaron and {Joyce}, Meridith and {Marchant}, Pablo and {Mombarg}, Joey S.~G. and {Wolf}, William M. and {Sunny Wong}, Tin Long and {Cinquegrana}, Giulia C. and {Farrell}, Eoin and {Smolec}, R. and {Thoul}, Anne and {Cantiello}, Matteo and {Herwig}, Falk and {Toloza}, Odette and {Bildsten}, Lars and {Townsend}, Richard H.~D. and {Timmes}, F.~X.},
        title = "{Modules for Experiments in Stellar Astrophysics (MESA): Time-dependent Convection, Energy Conservation, Automatic Differentiation, and Infrastructure}",
      journal = {\apjs},
     keywords = {Stellar physics, Stellar evolution, Stellar evolutionary models, Computational methods, 1621, 1599, 2046, 1965, Astrophysics - Solar and Stellar Astrophysics, Astrophysics - Earth and Planetary Astrophysics, Astrophysics - High Energy Astrophysical Phenomena, Astrophysics - Instrumentation and Methods for Astrophysics},
         year = 2023,
        month = mar,
       volume = {265},
       number = {1},
          eid = {15},
        pages = {15},
          doi = {10.3847/1538-4365/acae8d},
archivePrefix = {arXiv},
       eprint = {2208.03651},
 primaryClass = {astro-ph.SR},
       adsurl = {https://ui.adsabs.harvard.edu/abs/2023ApJS..265...15J},
      adsnote = {Provided by the SAO/NASA Astrophysics Data System}
}

@ARTICLE{spruit:02,
       author = {{Spruit}, H.~C.},
        title = "{Dynamo action by differential rotation in a stably stratified stellar interior}",
      journal = {\aap},
     keywords = {MAGNETOHYDRODYNAMICS (MHD), STARS: MAGNETIC FIELDS, INSTABILITIES, Astrophysics},
         year = 2002,
        month = jan,
       volume = {381},
        pages = {923-932},
          doi = {10.1051/0004-6361:20011465},
archivePrefix = {arXiv},
       eprint = {astro-ph/0108207},
 primaryClass = {astro-ph},
       adsurl = {https://ui.adsabs.harvard.edu/abs/2002A&A...381..923S},
      adsnote = {Provided by the SAO/NASA Astrophysics Data System}
}


@ARTICLE{kerr:63,
       author = {{Kerr}, Roy P.},
        title = "{Gravitational Field of a Spinning Mass as an Example of Algebraically Special Metrics}",
      journal = {\prl},
         year = 1963,
        month = sep,
       volume = {11},
       number = {5},
        pages = {237-238},
          doi = {10.1103/PhysRevLett.11.237},
       adsurl = {https://ui.adsabs.harvard.edu/abs/1963PhRvL..11..237K},
      adsnote = {Provided by the SAO/NASA Astrophysics Data System}
}


@ARTICLE{bardeen:72,
       author = {{Bardeen}, James M. and {Press}, William H. and {Teukolsky}, Saul A.},
        title = "{Rotating Black Holes: Locally Nonrotating Frames, Energy Extraction, and Scalar Synchrotron Radiation}",
      journal = {\apj},
         year = 1972,
        month = dec,
       volume = {178},
        pages = {347-370},
          doi = {10.1086/151796},
       adsurl = {https://ui.adsabs.harvard.edu/abs/1972ApJ...178..347B},
      adsnote = {Provided by the SAO/NASA Astrophysics Data System}
}

@ARTICLE{langer:12,
       author = {{Langer}, N.},
        title = "{Presupernova Evolution of Massive Single and Binary Stars}",
      journal = {\araa},
     keywords = {Astrophysics - Solar and Stellar Astrophysics},
         year = 2012,
        month = sep,
       volume = {50},
        pages = {107-164},
          doi = {10.1146/annurev-astro-081811-125534},
archivePrefix = {arXiv},
       eprint = {1206.5443},
 primaryClass = {astro-ph.SR},
       adsurl = {https://ui.adsabs.harvard.edu/abs/2012ARA&A..50..107L},
      adsnote = {Provided by the SAO/NASA Astrophysics Data System}
}

@ARTICLE{oconnor:11,
       author = {{O'Connor}, Evan and {Ott}, Christian D.},
        title = "{Black Hole Formation in Failing Core-Collapse Supernovae}",
      journal = {\apj},
     keywords = {black hole physics, equation of state, hydrodynamics, neutrinos, stars: evolution, stars: mass-loss, stars: neutron, supernovae: general, Astrophysics - High Energy Astrophysical Phenomena, Astrophysics - Solar and Stellar Astrophysics, General Relativity and Quantum Cosmology},
         year = 2011,
        month = apr,
       volume = {730},
       number = {2},
          eid = {70},
        pages = {70},
          doi = {10.1088/0004-637X/730/2/70},
archivePrefix = {arXiv},
       eprint = {1010.5550},
 primaryClass = {astro-ph.HE},
       adsurl = {https://ui.adsabs.harvard.edu/abs/2011ApJ...730...70O},
      adsnote = {Provided by the SAO/NASA Astrophysics Data System}
}

@ARTICLE{davis:19,
       author = {{Davis}, A. and {Jones}, S. and {Herwig}, F.},
        title = "{Convective boundary mixing in a post-He core burning massive star model}",
      journal = {\mnras},
     keywords = {convection, stars: evolution, stars: interiors, stars: massive, Astrophysics - Solar and Stellar Astrophysics},
         year = 2019,
        month = apr,
       volume = {484},
       number = {3},
        pages = {3921-3934},
          doi = {10.1093/mnras/sty3415},
archivePrefix = {arXiv},
       eprint = {1712.00114},
 primaryClass = {astro-ph.SR},
       adsurl = {https://ui.adsabs.harvard.edu/abs/2019MNRAS.484.3921D},
      adsnote = {Provided by the SAO/NASA Astrophysics Data System}
}


@ARTICLE{ertl:16,
   author = {{Ertl}, T. and {Janka}, H.-T. and {Woosley}, S.~E. and {Sukhbold}, T. and
	{Ugliano}, M.},
    title = "{A Two-parameter Criterion for Classifying the Explodability of Massive Stars by the Neutrino-driven Mechanism}",
  journal = {\apj},
archivePrefix = "arXiv",
   eprint = {1503.07522},
 primaryClass = "astro-ph.SR",
 keywords = {hydrodynamics, neutrinos, stars: massive, supernovae: general},
     year = 2016,
    month = feb,
   volume = 818,
      eid = {124},
    pages = {124},
      doi = {10.3847/0004-637X/818/2/124},
   adsurl = {http://adsabs.harvard.edu/abs/2016ApJ...818..124E},
  adsnote = {Provided by the SAO/NASA Astrophysics Data System}
}


@ARTICLE{vartanyan:21,
       author = {{Vartanyan}, David and {Laplace}, Eva and {Renzo}, Mathieu and {G{\"o}tberg}, Ylva and {Burrows}, Adam and {de Mink}, Selma E.},
        title = "{Binary-stripped Stars as Core-collapse Supernovae Progenitors}",
      journal = {\apjl},
     keywords = {Core-collapse supernovae, Close binary stars, 304, 254, Astrophysics - Solar and Stellar Astrophysics, Astrophysics - High Energy Astrophysical Phenomena},
         year = 2021,
        month = jul,
       volume = {916},
       number = {1},
          eid = {L5},
        pages = {L5},
          doi = {10.3847/2041-8213/ac0b42},
archivePrefix = {arXiv},
       eprint = {2104.03317},
 primaryClass = {astro-ph.SR},
       adsurl = {https://ui.adsabs.harvard.edu/abs/2021ApJ...916L...5V},
      adsnote = {Provided by the SAO/NASA Astrophysics Data System}
}


@ARTICLE{maeder:00,
   author = {{Maeder}, A. and {Meynet}, G.},
    title = "{The Evolution of Rotating Stars}",
  journal = {\araa},
   eprint = {arXiv:astro-ph/0004204},
 keywords = {STELLAR ROTATION, STELLAR EVOLUTION, MASS LOSS, MIXING, CHEMICAL ABUNDANCES},
     year = 2000,
   volume = 38,
    pages = 143,
      doi = {10.1146/annurev.astro.38.1.143},
   adsurl = {http://adsabs.harvard.edu/abs/2000ARA%26A..38..143M},
  adsnote = {Provided by the SAO/NASA Astrophysics Data System}
}


@ARTICLE{cantiello:07,
       author = {{Cantiello}, M. and {Yoon}, S. -C. and {Langer}, N. and {Livio}, M.},
        title = "{Binary star progenitors of long gamma-ray bursts}",
      journal = {\aap},
     keywords = {stars: binaries: general, stars: rotation, stars: evolution, stars: mass-loss, supernovae: general, gamma rays: bursts, Astrophysics},
         year = 2007,
        month = apr,
       volume = {465},
       number = {2},
        pages = {L29-L33},
          doi = {10.1051/0004-6361:20077115},
archivePrefix = {arXiv},
       eprint = {astro-ph/0702540},
 primaryClass = {astro-ph},
       adsurl = {https://ui.adsabs.harvard.edu/abs/2007A&A...465L..29C},
      adsnote = {Provided by the SAO/NASA Astrophysics Data System}
}


@ARTICLE{perna:18,
       author = {{Perna}, Rosalba and {Lazzati}, Davide and {Cantiello}, Matteo},
        title = "{Ultra-long Gamma-Ray Bursts from the Collapse of Blue Supergiant Stars: An End-to-end Simulation}",
      journal = {\apj},
     keywords = {accretion, accretion disks, black hole physics, gamma-ray burst: general, stars: massive, Astrophysics - High Energy Astrophysical Phenomena},
         year = 2018,
        month = may,
       volume = {859},
       number = {1},
          eid = {48},
        pages = {48},
          doi = {10.3847/1538-4357/aabcc1},
archivePrefix = {arXiv},
       eprint = {1803.04983},
 primaryClass = {astro-ph.HE},
       adsurl = {https://ui.adsabs.harvard.edu/abs/2018ApJ...859...48P},
      adsnote = {Provided by the SAO/NASA Astrophysics Data System}
}


@ARTICLE{soker:24,
       author = {{Soker}, Noam},
        title = "{Supernovae in 2023 (review): possible breakthroughs by late observations}",
      journal = {The Open Journal of Astrophysics},
     keywords = {Astrophysics - High Energy Astrophysical Phenomena},
         year = 2024,
        month = apr,
       volume = {7},
          eid = {31},
        pages = {31},
          doi = {10.33232/001c.117147},
archivePrefix = {arXiv},
       eprint = {2311.17732},
 primaryClass = {astro-ph.HE},
       adsurl = {https://ui.adsabs.harvard.edu/abs/2024OJAp....7E..31S},
      adsnote = {Provided by the SAO/NASA Astrophysics Data System}
}


@ARTICLE{soker:22,
       author = {{Soker}, Noam},
        title = "{The Role of Jets in Exploding Supernovae and in Shaping their Remnants}",
      journal = {Research in Astronomy and Astrophysics},
     keywords = {(stars:) supernovae: general, ISM: supernova remnants, stars: jets, ISM: jets and outflows, (stars:) binaries: general, Astrophysics - High Energy Astrophysical Phenomena},
         year = 2022,
        month = dec,
       volume = {22},
       number = {12},
          eid = {122003},
        pages = {122003},
          doi = {10.1088/1674-4527/ac9782},
archivePrefix = {arXiv},
       eprint = {2208.04875},
 primaryClass = {astro-ph.HE},
       adsurl = {https://ui.adsabs.harvard.edu/abs/2022RAA....22l2003S},
      adsnote = {Provided by the SAO/NASA Astrophysics Data System}
}


@ARTICLE{shishkin:22,
       author = {{Shishkin}, Dmitry and {Soker}, Noam},
        title = "{Remnant masses of core collapse supernovae in the jittering jets explosion mechanism}",
      journal = {\mnras},
     keywords = {stars: jets, stars: massive, stars: neutron, supernovae: general, Astrophysics - High Energy Astrophysical Phenomena},
         year = 2022,
        month = jul,
       volume = {513},
       number = {3},
        pages = {4224-4231},
          doi = {10.1093/mnras/stac1075},
archivePrefix = {arXiv},
       eprint = {2112.10697},
 primaryClass = {astro-ph.HE},
       adsurl = {https://ui.adsabs.harvard.edu/abs/2022MNRAS.513.4224S},
      adsnote = {Provided by the SAO/NASA Astrophysics Data System}
}


@ARTICLE{wang:24,
       author = {{Wang}, Nikki Yat Ning and {Shishkin}, Dmitry and {Soker}, Noam},
        title = "{The jittering jets explosion mechanism (JJEM) in electron capture supernovae}",
      journal = {arXiv e-prints},
     keywords = {Astrophysics - High Energy Astrophysical Phenomena},
         year = 2024,
        month = jan,
          eid = {arXiv:2401.06652},
        pages = {arXiv:2401.06652},
          doi = {10.48550/arXiv.2401.06652},
archivePrefix = {arXiv},
       eprint = {2401.06652},
 primaryClass = {astro-ph.HE},
       adsurl = {https://ui.adsabs.harvard.edu/abs/2024arXiv240106652W},
      adsnote = {Provided by the SAO/NASA Astrophysics Data System}
}

@ARTICLE{aloy:21,
       author = {{Aloy}, M. {\'A}. and {Obergaulinger}, M.},
        title = "{Magnetorotational core collapse of possible GRB progenitors - II. Formation of protomagnetars and collapsars}",
      journal = {\mnras},
     keywords = {MHD, methods: numerical, gamma-ray burst: general, stars: magnetic field, supernovae: general, Astrophysics - High Energy Astrophysical Phenomena, Astrophysics - Solar and Stellar Astrophysics},
         year = 2021,
        month = jan,
       volume = {500},
       number = {4},
        pages = {4365-4397},
          doi = {10.1093/mnras/staa3273},
archivePrefix = {arXiv},
       eprint = {2008.03779},
 primaryClass = {astro-ph.HE},
       adsurl = {https://ui.adsabs.harvard.edu/abs/2021MNRAS.500.4365A},
      adsnote = {Provided by the SAO/NASA Astrophysics Data System}
}


@ARTICLE{fields:22,
       author = {{Fields}, C.~E.},
        title = "{The Three-dimensional Collapse of a Rapidly Rotating 16 M $_{{\ensuremath{\odot}}}$ Star}",
      journal = {\apjl},
     keywords = {301, 1963, 911, 732, 1668, 1629, Astrophysics - Solar and Stellar Astrophysics, Astrophysics - High Energy Astrophysical Phenomena},
         year = 2022,
        month = jan,
       volume = {924},
       number = {1},
          eid = {L15},
        pages = {L15},
          doi = {10.3847/2041-8213/ac460c},
archivePrefix = {arXiv},
       eprint = {2112.12800},
 primaryClass = {astro-ph.SR},
       adsurl = {https://ui.adsabs.harvard.edu/abs/2022ApJ...924L..15F},
      adsnote = {Provided by the SAO/NASA Astrophysics Data System}
}


@ARTICLE{boccioli:23,
       author = {{Boccioli}, Luca and {Roberti}, Lorenzo and {Limongi}, Marco and {Mathews}, Grant J. and {Chieffi}, Alessandro},
        title = "{Explosion Mechanism of Core-collapse Supernovae: Role of the Si/Si-O Interface}",
      journal = {\apj},
     keywords = {Supernova dynamics, Core-collapse supernovae, Supernovae, Supernova neutrinos, Gravitational collapse, Massive stars, 1664, 304, 1668, 1666, 662, 732, Astrophysics - High Energy Astrophysical Phenomena, Astrophysics - Solar and Stellar Astrophysics},
         year = 2023,
        month = may,
       volume = {949},
       number = {1},
          eid = {17},
        pages = {17},
          doi = {10.3847/1538-4357/acc06a},
archivePrefix = {arXiv},
       eprint = {2207.08361},
 primaryClass = {astro-ph.HE},
       adsurl = {https://ui.adsabs.harvard.edu/abs/2023ApJ...949...17B},
      adsnote = {Provided by the SAO/NASA Astrophysics Data System}
}


@ARTICLE{mosta:15,
       author = {{M{\"o}sta}, Philipp and {Ott}, Christian D. and {Radice}, David and {Roberts}, Luke F. and {Schnetter}, Erik and {Haas}, Roland},
        title = "{A large-scale dynamo and magnetoturbulence in rapidly rotating core-collapse supernovae}",
      journal = {\nat},
     keywords = {Astrophysics - High Energy Astrophysical Phenomena},
         year = 2015,
        month = dec,
       volume = {528},
       number = {7582},
        pages = {376-379},
          doi = {10.1038/nature15755},
archivePrefix = {arXiv},
       eprint = {1512.00838},
 primaryClass = {astro-ph.HE},
       adsurl = {https://ui.adsabs.harvard.edu/abs/2015Natur.528..376M},
      adsnote = {Provided by the SAO/NASA Astrophysics Data System}
}


@ARTICLE{symbalisty:84,
       author = {{Symbalisty}, E.~M.~D.},
        title = "{Magnetorotational iron core collapse.}",
      journal = {\apj},
     keywords = {Gravitational Collapse, Magnetic Stars, Metallic Stars, Stellar Cores, Stellar Rotation, Supernovae, Computational Astrophysics, Iron, Neutrinos, Stellar Evolution, Stellar Models, Supermassive Stars, Two Dimensional Models, Astrophysics},
         year = 1984,
        month = oct,
       volume = {285},
        pages = {729-746},
          doi = {10.1086/162551},
       adsurl = {https://ui.adsabs.harvard.edu/abs/1984ApJ...285..729S},
      adsnote = {Provided by the SAO/NASA Astrophysics Data System}
}

@ARTICLE{gottlieb:22,
       author = {{Gottlieb}, Ore and {Lalakos}, Aretaios and {Bromberg}, Omer and {Liska}, Matthew and {Tchekhovskoy}, Alexander},
        title = "{Black hole to breakout: 3D GRMHD simulations of collapsar jets reveal a wide range of transients}",
      journal = {\mnras},
     keywords = {methods: numerical, stars: Wolf-Rayet, gamma-ray bursts, Astrophysics - High Energy Astrophysical Phenomena},
         year = 2022,
        month = mar,
       volume = {510},
       number = {4},
        pages = {4962-4975},
          doi = {10.1093/mnras/stab3784},
archivePrefix = {arXiv},
       eprint = {2109.14619},
 primaryClass = {astro-ph.HE},
       adsurl = {https://ui.adsabs.harvard.edu/abs/2022MNRAS.510.4962G},
      adsnote = {Provided by the SAO/NASA Astrophysics Data System}
}


@ARTICLE{farag:22,
       author = {{Farag}, Ebraheem and {Renzo}, Mathieu and {Farmer}, Robert and {Chidester}, Morgan T. and {Timmes}, F.~X.},
        title = "{Resolving the Peak of the Black Hole Mass Spectrum}",
      journal = {\apj},
     keywords = {Gravitational waves, Black holes, Nuclear astrophysics, Stellar physics, Core-collapse supernovae, 678, 162, 1129, 1621, 304, Astrophysics - High Energy Astrophysical Phenomena, Astrophysics - Solar and Stellar Astrophysics, General Relativity and Quantum Cosmology},
         year = 2022,
        month = oct,
       volume = {937},
       number = {2},
          eid = {112},
        pages = {112},
          doi = {10.3847/1538-4357/ac8b83},
archivePrefix = {arXiv},
       eprint = {2208.09624},
 primaryClass = {astro-ph.HE},
       adsurl = {https://ui.adsabs.harvard.edu/abs/2022ApJ...937..112F},
      adsnote = {Provided by the SAO/NASA Astrophysics Data System}
}


@ARTICLE{schneider:23,
       author = {{Schneider}, Fabian R.~N. and {Podsiadlowski}, Philipp and {Laplace}, Eva},
        title = "{Bimodal Black Hole Mass Distribution and Chirp Masses of Binary Black Hole Mergers}",
      journal = {\apjl},
     keywords = {Stellar evolution, Multiple star evolution, Stellar remnants, Black holes, Neutron stars, Gravitational wave sources, 1599, 2153, 1627, 162, 1108, 677, Astrophysics - High Energy Astrophysical Phenomena, Astrophysics - Solar and Stellar Astrophysics},
         year = 2023,
        month = jun,
       volume = {950},
       number = {2},
          eid = {L9},
        pages = {L9},
          doi = {10.3847/2041-8213/acd77a},
archivePrefix = {arXiv},
       eprint = {2305.02380},
 primaryClass = {astro-ph.HE},
       adsurl = {https://ui.adsabs.harvard.edu/abs/2023ApJ...950L...9S},
      adsnote = {Provided by the SAO/NASA Astrophysics Data System}
}


@ARTICLE{sukhbold:14,
       author = {{Sukhbold}, Tuguldur and {Woosley}, S.~E.},
        title = "{The Compactness of Presupernova Stellar Cores}",
      journal = {\apj},
     keywords = {convection, nuclear reactions, nucleosynthesis, abundances, stars: evolution, stars: interiors, stars: neutron, supernovae: general, Astrophysics - Solar and Stellar Astrophysics, Astrophysics - High Energy Astrophysical Phenomena},
         year = 2014,
        month = mar,
       volume = {783},
       number = {1},
          eid = {10},
        pages = {10},
          doi = {10.1088/0004-637X/783/1/10},
archivePrefix = {arXiv},
       eprint = {1311.6546},
 primaryClass = {astro-ph.SR},
       adsurl = {https://ui.adsabs.harvard.edu/abs/2014ApJ...783...10S},
      adsnote = {Provided by the SAO/NASA Astrophysics Data System}
}
